@manual{JavascriptGame,
    title  = {Build A Text Adventure Game With Javascript},
    author = {WebDevSimplified},
    note   = {\url{https://www.youtube.com/watch?v=R1S_NhKkvGA}},
    year   = {2019 (accessed February 16, 2020)}
    }
	
@manual{DOMImage,
    title  = {Using Images - Web APIs},
    author = {developer.mozille.org},
    note   = {\url{https://developer.mozilla.org/en-US/docs/Web/API/Canvas_API/Tutorial/Using_images}},
    year   = {2020 (accessed February 24, 2020)}
    }
	
@manual{JavascriptImage,
    title  = {Insert Image in Javascript},
    author = {Mark Wilston},
    note   = {\url{https://www.quora.com/How-do-you-insert-an-image-in-Javascript}},
    year   = {2017 (accessed February 25, 2020)}
    }
	
@manual{DOMAudio,
    title  = {HTML DOM Audio Object},
    author = {w3schools},
    note   = {\url{https://www.w3schools.com/jsref/dom_obj_audio.asp}},
    year   = {2020 (accessed February 25, 2020)}
    }
	
@manual{DOMAudioLoop,
    title  = {HTML DOM Audio Loop},
    author = {w3schools},
    note   = {\url{https://www.w3schools.com/jsref/prop_audio_loop.asp}},
    year   = {2020 (accessed February 25, 2020)}
    }

@manual{DOMAudioAuto,
    title  = {HTML DOM Auto Play},
    author = {w3schools},
    note   = {\url{https://www.w3schools.com/jsref/prop_audio_autoplay.asp}},
    year   = {2020 (accessed February 25, 2020)}
    }
	
@manual{AudioAutoArticle,
    title  = {Play Audio After The Page Loads in HTML With Javascript},
    author = {Saruque Ahamed Mollick},
    note   = {\url{https://www.codespeedy.com/play-audio-after-page-load-in-javascript/}},
    year   = {2018 (accessed February 27, 2020)}
    }
	
@manual{PastelColors,
    title  = {Play Audio After The Page Loads in HTML With Javascript},
    author = {Saruque Ahamed Mollick},
    note   = {\url{https://www.codespeedy.com/play-audio-after-page-load-in-javascript/}},
    year   = {2018 (accessed February 27, 2020)}
    }
	
@manual{PastelColours,
    title  = {Luscious Pastel Colours},
    author = {Hannah Hoffman},
    note   = {\url{http://www.mylusciouslife.com/prettiness-luscious-pastel-colours/}},
    year   = {2013 (accessed February 27, 2020)}
    }	
	
@manual{ColourSchemes,
    title  = {39 Inspiring Website Colours},
    author = {Iveta Pavlova},
    note   = {\url{https://graphicmama.com/blog/website-color-schemes/}},
    year   = {2019 (accessed February 27, 2020)}
    }		

@manual{JavascriptCookies,
    title  = {Javascript Cookies},
    author = {w3schools},
	note   = {\url{https://www.w3schools.com/js/js_cookies.asp}},
	year   = {2020 (accessed February 28, 2020)},
    }
    
@manual{LocalStorage,
    title  = {localStorage},
    author = {developer.mozilla},
	note   = {\url{https://developer.mozilla.org/en-US/docs/Web/API/Window/localStorage}},
	year   = {2020 (accessed March 02, 2020)},
    }
    
@manual{Favicon,
    title  = {How to Add A Favicon},
    author = {101computing.net},
	note   = {\url{https://www.101computing.net/html-how-to-add-a-favicon/}},
	year   = {2016 (accessed February 28, 2020)},
    }
    
@manual{In-GameAudio,
    title  = {How Does In-Game Audio Affect Players},
    author = {Raymond Usher},
	note   = {\url{https://www.gamasutra.com/view/feature/168731/how_does_ingame_audio_affect_.php}},
	year   = {2012 (accessed February 29, 2020)},
    }
    
@manual{Navbar,
    title  = {How To Create An Awesome Navigation Bar},
    author = {Kevin Powell},
	note   = {\url{https://www.youtube.com/watch?v=FEmysQARWFU}},
	year   = {2016 (accessed February 9, 2020)},
    }
    
%  Css basics that I used - https://devdocs.io/css/
%  css menu hover effects - https://codepen.io/Calloumi/pen/vndlH
%  css border basics - https://www.w3schools.com/css/css_border.aspTiles - https://www.youtube.com/watch?v=HgwCeNVPlo0
%  Toolbar - https://www.youtube.com/watch?v=FEmysQARWFU
%  responsive navigation toolbar - https://www.youtube.com/watch?v=8QKOaTYvYUA
%  Game start - https://www.youtube.com/watch?v=R1S_NhKkvGA
%  Css header font  - https://www.cssfontstack.com/Arial

%  Bakery Image question 1 - https://www.bakingbusiness.com/articles/49217-whats-trending-in-the-top-five-global-bakery-markets
%  Windows sessionStorage https://www.w3schools.com/jsref/prop_win_sessionstorage.asp
%  Windows localStorage https://www.w3schools.com/jsref/prop_win_sessionstorage.asp 