@article{Keshav,
    author = {Keshav, S.},
    title = {How to Read a Paper},
    journal = {SIGCOMM Comput. Commun. Rev.},
    issue_date = {July 2007},
    volume = {37},
    number = {3},
    month = jul,
    year = {2007},
    issn = {0146-4833},
    pages = {83--84},
    numpages = {2},
    url = {http://doi.acm.org/10.1145/1273445.1273458},
    doi = {10.1145/1273445.1273458},
    acmid = {1273458},
    publisher = {ACM},
    address = {New York, NY, USA},
    keywords = {hints, paper, reading},
} 

@manual{sessionStorage,
    title  = {Windows sessionStorage Property},
    author = {w3schools},
    note   = {\url{https://www.w3schools.com/jsref/prop_win_sessionstorage.asp}},
    year   = {2020 (accessed February 24, 2020)}
    }

@manual{localStorage,
    title  = {Windows localStorage Property},
    author = {w3schools},
	note   = {\url{https://www.w3schools.com/jsref/prop_win_localstorage.asp}},
	year   = {2020 (accessed February 24, 2020)},
    }


@article{Keshav,
    author = {Keshav, S.},
    title = {How to Read a Paper},
    journal = {SIGCOMM Comput. Commun. Rev.},
    issue_date = {July 2007},
    volume = {37},
    number = {3},
    month = jul,
    year = {2007},
    issn = {0146-4833},
    pages = {83--84},
    numpages = {2},
    url = {http://doi.acm.org/10.1145/1273445.1273458},
    doi = {10.1145/1273445.1273458},
    acmid = {1273458},
    publisher = {ACM},
    address = {New York, NY, USA},
    keywords = {hints, paper, reading},
} 

%  Css basics that I used - https://devdocs.io/css/
%  css menu hover effects - https://codepen.io/Calloumi/pen/vndlH
%  css border basics - https://www.w3schools.com/css/css_border.aspTiles - https://www.youtube.com/watch?v=HgwCeNVPlo0
%  Toolbar - https://www.youtube.com/watch?v=FEmysQARWFU
%  responsive navigation toolbar - https://www.youtube.com/watch?v=8QKOaTYvYUA
%  Game start - https://www.youtube.com/watch?v=R1S_NhKkvGA
%  Css header font  - https://www.cssfontstack.com/Arial

%  Bakery Image question 1 - https://www.bakingbusiness.com/articles/49217-whats-trending-in-the-top-five-global-bakery-markets
%  Windows sessionStorage https://www.w3schools.com/jsref/prop_win_sessionstorage.asp
%  Windows localStorage https://www.w3schools.com/jsref/prop_win_sessionstorage.asp